@misc{OB1,
  author       = {YouTube},
  title        = {
      \href{https://www.youtube.com/watch?v=T16APzMcVOs}
            {Order Block}
  },
}

@misc{OB2,
  author       = {DD},
  title        = {
      \href{https://www.youtube.com/watch?v=rpyHviLbPmo&list=PLFUGTwkagKyjVWWTEtdGCsVdtV2M7iHXl&index=7}
            {Order Block}
  },
}

@misc{OB3,
  author       = {FINRA},
  title        = {\href{https://www.finra.org/media-center/news-releases/2016/finra-publish-ats-block-size-trade-data}{ATS Block-Size Trade Data}
                        },
  year         = {2016}
}

@misc{OB4,
  author       = {NASDAQ},
  title        = {
      \href{https://www.nasdaqtrader.com/Trader.aspx?id=DailyMarketSummary}
        {Daily Market Summary}
            },
  year         = {2024}
}